@misc{datasciencemlp,
  title = {{A Quick Introduction to Neural Networks}},
  howpublished = {\url{https://ujjwalkarn.me/2016/08/09/quick-intro-neural-networks/}},
  note = {Accessed: 2017-12-10}
}

@misc{deeplearning4jrnn,
  title = {{A Beginner's Guide to Recurrent Networks and LSTMs}},
  howpublished = {\url{https://deeplearning4j.org/lstm.html#recurrent}},
  note = {Accessed: 2017-12-10}
}

@misc{colahlstm,
  title = {{Understanding LSTM Networks}},
  howpublished = {\url{http://colah.github.io/posts/2015-08-Understanding-LSTMs/}},
  note = {Accessed: 2017-12-10}
}
